<?xml version="1.0" encoding="UTF-8" ?>
<record Numero="13920015" format="InterXMarc_Complet" type="Authority">
<leader>00381c1 au22000272  45  <Pos Code="0004">00381</Pos>
<Pos Code="05" Sens="notice modifiée">c</Pos>
<Pos Code="06" Sens="notice validée en catalogage courant">1</Pos>
<Pos Code="08" Sens="notice d&apos;autorité">a</Pos>
<Pos Code="09" Sens="titre uniforme musical (TUM)">u</Pos>
<Pos Code="10">2</Pos>
<Pos Code="11">2</Pos>
<Pos Code="1216">00027</Pos>
<Pos Code="17" Sens="autres cas">2</Pos>
<Pos Code="20">4</Pos>
<Pos Code="21">5</Pos>
</leader>
<controlfield tag="001">FRBNF139200151<Pos Code="0001">FR</Pos>
<Pos Code="0204">BNF</Pos>
<Pos Code="0512">13920015</Pos>
<Pos Code="13">1</Pos>
</controlfield>
<controlfield tag="008">890821951011yy    su        1917      ....                   1   <Pos Code="0001">89</Pos>
<Pos Code="0203">08</Pos>
<Pos Code="0405">21</Pos>
<Pos Code="0607">95</Pos>
<Pos Code="0809">10</Pos>
<Pos Code="1011">11</Pos>
<Pos Code="1213" Sens="ne s&apos;applique pas">yy</Pos>
<Pos Code="1820">su </Pos>
<Pos Code="2831">1917</Pos>
<Pos Code="3841">....</Pos>
<Pos Code="61" Sens="La vedette peut être liée à une notice bibliographique sauf pour l&apos;accès matière RAMEAU">1</Pos>
</controlfield>
<datafield tag="048" ind1=" " ind2=" ">
	<subfield code="a">oa01<Pos Code="0001" Sens="orchestre - orchestre symphonique XIXe-XXe s.">oa</Pos>
<Pos Code="02">0</Pos>
<Pos Code="03">1</Pos>
</subfield>
</datafield>
<datafield tag="100" ind1=" " ind2=" ">
	<subfield code="3">12405560</subfield>
	<subfield code="w">.0..b.eng.</subfield>
	<subfield code="a">Stravinsky</subfield>
	<subfield code="m">Igor</subfield>
	<subfield code="d">1882-1971</subfield>
</datafield>
<datafield tag="144" ind1="1" ind2=" ">
	<subfield code="w">....b.....</subfield>
	<subfield code="a">Suites</subfield>
	<subfield code="b">Petit orchestre</subfield>
	<subfield code="n">No 1</subfield>
</datafield>
<datafield tag="444" ind1="1" ind2=" ">
	<subfield code="w">....b.....</subfield>
	<subfield code="a">Suite for small orchestra</subfield>
	<subfield code="n">No 1</subfield>
</datafield>
<datafield tag="600" ind1=" " ind2=" ">
	<subfield code="a">Date de composition : 1917-25</subfield>
</datafield>
<datafield tag="610" ind1=" " ind2=" ">
	<subfield code="a">K. Thompson</subfield>
</datafield>
<datafield tag="611" ind1=" " ind2=" ">
	<subfield code="a">SDC 12/2388</subfield>
</datafield>
<datafield tag="917" ind1=" " ind2=" ">
	<subfield code="o">OPC</subfield>
	<subfield code="a">100499990</subfield>
</datafield>
<Alter Ori="12405560">
<datafield tag="400" ind1=" " ind2=" ">
	<subfield code="w">....barus.</subfield>
	<subfield code="a">Stravinskij</subfield>
	<subfield code="m">Igorʹ Fedorovič</subfield>
	<subfield code="d">1882-1971</subfield>
</datafield>
<datafield tag="400" ind1=" " ind2=" ">
	<subfield code="w">....c.rus.</subfield>
	<subfield code="a">Стравинский</subfield>
	<subfield code="m">Игорь Федорович</subfield>
	<subfield code="d">1882-1971</subfield>
</datafield>
<datafield tag="400" ind1=" " ind2=" ">
	<subfield code="w">    bxrus.</subfield>
	<subfield code="a">Stravinski</subfield>
	<subfield code="m">Igor Fedorovitch</subfield>
	<subfield code="d">1882-1971</subfield>
</datafield>
<datafield tag="400" ind1=" " ind2=" ">
	<subfield code="w">. . b.fre.</subfield>
	<subfield code="a">Stravinski</subfield>
	<subfield code="m">Igor</subfield>
	<subfield code="d">1882-1971</subfield>
</datafield>
<datafield tag="400" ind1=" " ind2=" ">
	<subfield code="w">. . b.fre.</subfield>
	<subfield code="a">Strawinsky</subfield>
	<subfield code="m">Igor</subfield>
	<subfield code="d">1882-1971</subfield>
</datafield>
<datafield tag="400" ind1=" " ind2=" ">
	<subfield code="w">....burus.</subfield>
	<subfield code="a">Stravinskii</subfield>
	<subfield code="m">Igor Fedorovitch</subfield>
	<subfield code="d">1882-1971</subfield>
</datafield>
</Alter>
<Attr Nom="IDPerenne">ark:/12148/cb13920015k</Attr>
<Attr Nom="NumSource">OPC 100499990</Attr>
<Attr Nom="Source" Sens="BnF catalogue général (depuis 1999)">A</Attr>
<Attr Nom="NumAutoriteLiee">12405560</Attr>
<Attr Nom="DateCreation">21/08/ 1989</Attr>
<Attr Nom="ResponsableCreation">MIGV2</Attr>
<Attr Nom="StructCreation">1</Attr>
<Attr Nom="DateDerniereValidation">08/11/ 2010</Attr>
<Attr Nom="ResponsableDerniereValidation">MIGV4</Attr>
<Attr Nom="StructPremiereValidation">1</Attr>
<Attr Nom="DatePremiereValidation">21/08/ 1989</Attr>
<Attr Nom="ResponsablePremiereValidation">MIGV2</Attr>
<Attr Nom="StructDerniereValidation">1</Attr>
</record>
